@article{RoboExplorador,
    author = {Bruno Meneguele and Fernando Padilha and Vinicius Arcanjo},
    title = {Robô Explorador de Labirintos 2D},
    journal = {Universidade Tecnológica Federal do Paraná},
    year = {2011}
}

